@inproceedings{fang2024large,
  title={Large language models for code analysis: Do llms really do their job?},
  author={Fang, Chongzhou and Miao, Ning and Srivastav, Shaurya and Liu, Jialin and Zhang, Ruoyu and Fang, Ruijie and Asmita and Tsang, Ryan and Nazari, Najmeh and Wang, Han and Homayoun, Houman},
  booktitle={Usenix Security Symposium},
  year={2024}
};

@misc{wang2024llamameshunifying3dmesh,
        title={LLaMA-Mesh: Unifying 3D Mesh Generation with Language Models}, 
        author={Zhengyi Wang and Jonathan Lorraine and Yikai Wang and Hang Su and Jun Zhu and Sanja Fidler and Xiaohui Zeng},
        year={2024},
        eprint={2411.09595},
        archivePrefix={arXiv},
        primaryClass={cs.LG},
        url={https://arxiv.org/abs/2411.09595}, 
    } 
